<record xmlns="http://www.loc.gov/MARC21/slim" xmlns:xsi="http://www.w3.org/2001/XMLSchema-instance" xsi:schemaLocation="http://www.loc.gov/MARC21/slim http://www.loc.gov/standards/marcxml/schema/MARC21slim.xsd"><leader>     nam a22        4500</leader><controlfield tag="001">3068369</controlfield><controlfield tag="003">NNC</controlfield><controlfield tag="006">m        d        </controlfield><controlfield tag="007">cr cn |||m|||a</controlfield><controlfield tag="008">150316s1954    ua ch   ob    000 0darard</controlfield><datafield ind1=" " ind2=" " tag="040"><subfield code="a">NNU</subfield><subfield code="b">eng</subfield><subfield code="e">rda</subfield><subfield code="c">NNU</subfield></datafield><datafield ind1=" " ind2="4" tag="050"><subfield code="a">PJ7846.A9</subfield><subfield code="b">Z67 1961</subfield></datafield><datafield ind1="1" ind2=" " tag="100"><subfield code="6">880-01</subfield><subfield code="a">Fu&#700;a&#772;d, Ni&#699;ma&#772;t Ah&#803;mad.</subfield></datafield><datafield ind1="1" ind2="0" tag="245"><subfield code="6">880-02</subfield><subfield code="a">Adab al-Ma&#772;zini&#772; /</subfield><subfield code="c">Ni&#699;ma&#772;t Ah&#803;mad Fu&#700;a&#772;d.</subfield></datafield><datafield ind1=" " ind2=" " tag="260"><subfield code="6">880-03</subfield><subfield code="a">Bula&#772;q, Mis&#803;r :</subfield><subfield code="b">Mat&#803;ba&#699;at Da&#772;r al-Hanna&#772;,</subfield><subfield code="c">1954.</subfield></datafield><datafield ind1=" " ind2=" " tag="300"><subfield code="a">online resource (266 pages) :</subfield><subfield code="b">portrait, facsimile</subfield></datafield><datafield ind1=" " ind2=" " tag="336"><subfield code="a">text</subfield><subfield code="2">rdacontent</subfield></datafield><datafield ind1=" " ind2=" " tag="337"><subfield code="a">computer</subfield><subfield code="2">rdamedia</subfield></datafield><datafield ind1=" " ind2=" " tag="338"><subfield code="a">online resource</subfield><subfield code="2">rdacarrier</subfield></datafield><datafield ind1=" " ind2=" " tag="500"><subfield code="a">Part of the Arabic Collections Online (ACO) project, contributed by Columbia University Libraries.</subfield></datafield><datafield ind1=" " ind2=" " tag="504"><subfield code="a">Includes bibliographical references.</subfield></datafield><datafield ind1=" " ind2=" " tag="533"><subfield code="a">Electronic reproduction.</subfield><subfield code="b">New York, N.Y. :</subfield><subfield code="c">New York University,</subfield><subfield code="d">2015.</subfield><subfield code="5">NNU</subfield></datafield><datafield ind1="1" ind2="0" tag="600"><subfield code="6">880-04</subfield><subfield code="a">Ma&#772;zini&#772;, Ibra&#772;hi&#772;m &#699;Abd al-Qa&#772;dir,</subfield><subfield code="d">1889-1949</subfield><subfield code="x">Criticism and interpretation.</subfield></datafield><datafield ind1=" " ind2="0" tag="650"><subfield code="a">Arabic literature</subfield><subfield code="y">1801-</subfield><subfield code="x">History and criticism.</subfield></datafield><datafield ind1="1" ind2="7" tag="600"><subfield code="a">Ma&#772;zini&#772;, Ibra&#772;hi&#772;m &#699;Abd al-Qa&#772;dir,</subfield><subfield code="d">1889-1949</subfield><subfield code="2">fast</subfield><subfield code="0">(OCoLC)fst00143814</subfield></datafield><datafield ind1=" " ind2="7" tag="650"><subfield code="a">Arabic literature.</subfield><subfield code="2">fast</subfield><subfield code="0">(OCoLC)fst00812478</subfield></datafield><datafield ind1=" " ind2="7" tag="648"><subfield code="a">Since 1801</subfield><subfield code="2">fast</subfield></datafield><datafield ind1=" " ind2="7" tag="655"><subfield code="a">Criticism, interpretation, etc.</subfield><subfield code="2">fast</subfield><subfield code="0">(OCoLC)fst01411635</subfield></datafield><datafield ind1="2" ind2=" " tag="710"><subfield code="a">Columbia University.</subfield><subfield code="b">Libraries.</subfield></datafield><datafield ind1="0" ind2=" " tag="730"><subfield code="a">Arabic Collections Online.</subfield></datafield><datafield ind1="0" ind2="8" tag="776"><subfield code="i">Print version:</subfield><subfield code="a">Fu&#700;a&#772;d, Ni&#699;ma&#772;t Ah&#803;mad.</subfield><subfield code="t">Adab al-Ma&#772;zini&#772;</subfield><subfield code="w">(NNC)3068369</subfield><subfield code="w">(DLC)ne 62001725 </subfield><subfield code="w">(OCoLC)26842857</subfield></datafield><datafield ind1="4" ind2="0" tag="856"><subfield code="u">http://hdl.handle.net/2333.1/qbzkh3m6</subfield></datafield><datafield ind1="1" ind2=" " tag="880"><subfield code="6">100-01/r</subfield><subfield code="a">&#1601;&#1572;&#1575;&#1583;&#1548; &#1606;&#1593;&#1605;&#1575;&#1578; &#1575;&#1581;&#1605;&#1583;.</subfield></datafield><datafield ind1="1" ind2="0" tag="880"><subfield code="6">245-02/r</subfield><subfield code="a">&#1571;&#1583;&#1576; &#1575;&#1604;&#1605;&#1575;&#1586;&#1606;&#1610; /</subfield><subfield code="c">&#1606;&#1593;&#1605;&#1575;&#1578; &#1575;&#1581;&#1605;&#1583; &#1601;&#1572;&#1575;&#1583;.</subfield></datafield><datafield ind1=" " ind2=" " tag="880"><subfield code="6">260-03/r</subfield><subfield code="a">&#1576;&#1604;&#1575;&#1602;&#1548; &#1605;&#1589;&#1585; :</subfield><subfield code="b">&#1605;&#1591;&#1576;&#1593;&#1577; &#1583;&#1575;&#1585; &#1575;&#1604;&#1607;&#1606;&#1575;&#1548;</subfield><subfield code="c">&#1633;&#1641;&#1637;&#1636;.</subfield></datafield><datafield ind1="1" ind2="4" tag="880"><subfield code="6">600-04/r</subfield><subfield code="a">&#1605;&#1575;&#1586;&#1606;&#1610;&#1548; &#1575;&#1576;&#1585;&#1575;&#1607;&#1610;&#1605; &#1593;&#1576;&#1583; &#1575;&#1604;&#1602;&#1575;&#1583;&#1585;&#1548;,</subfield><subfield code="d">1889-1949.</subfield></datafield><datafield ind1=" " ind2=" " tag="959"><subfield code="a">NNU</subfield><subfield code="b">WEB</subfield><subfield code="c">GENI</subfield><subfield code="t">0</subfield><subfield code="m">Electronic access</subfield><subfield code="s">01</subfield></datafield><datafield ind1=" " ind2=" " tag="999"><subfield code="i">NNC_3068369</subfield><subfield code="o">(OCoLC)ocm26842857 </subfield><subfield code="s">columbia_aco000267</subfield></datafield></record>